@article{bitcoin:white-paper,
	author = "Satoshi Nakamoto",
	keywords = "white-paper bitcoin",
	title = "Bitcoin: A Peer-to-Peer Electronic Cash System",
	url = "https://bitcoin.org/bitcoin.pdf",
	year = 2009
}

@article{sitema-distribuito-1,
	author = "Maarten van Steen e Andrew S. Tanenbaum",
	title = "A brief introduction to distributed systems",
	url = "https://www.cs.vu.nl/~ast/Publications/Papers/computing-2016.pdf",
	year = 2008
}
 
@article{sitema-distribuito-2,
	author = "Wolfgang Emmerich",
	title = "Distributed System Principled",
	url = "http://www0.cs.ucl.ac.uk/staff/ucacwxe/lectures/ds98-99/dsee3.pdf",
	year = 1997
}

@article{sitema-distribuito-3,
	author = "Leslie Lamport",
	title = "Distribution",
	url = "https://www.microsoft.com/en-us/research/uploads/prod/2016/12/Distribution.pdf",
	year = 1997
}

@online{blockchain.com:valueOf,
  author = {Blockchain.com},
  title = {Chart value of Bitcoin},
  url = {https://www.blockchain.com/charts/market-price?timespan=all},
  urldate = {2018}
}

@online{blockchain.com:transactions,
  author = {Blockchain.com},
  title = {Chart bitcoin transactions},
  url = {https://www.blockchain.com/it/charts/n-transactions?timespan=all},
  urldate = {2018}
}
@online{wiki-bitcoin,
  author = {it.wikipedia.org},
  title = {Bitcoin},
  url = {https://it.wikipedia.org/wiki/Bitcoin},
  urldate = {2018}
}

@online{bitcoin:ECDSA,
  author = {en.bitcoinwiki.org},
  title = {ECDSA},
  url = {https://en.bitcoinwiki.org/wiki/Elliptic_Curve_Digital_Signature_Algorithm},
  urldate = {2018}
}

@online{merkle-tree,
  author = {en.wikipedia.org},
  title = {Merkle Tree},
  url = {https://en.wikipedia.org/wiki/Merkle_tree},
  urldate = {2018}
}

@online{transazioneBitcoin,
  author = {www.albertodeluigi.com},
  title = {Come avviene una transazione bitcoin},
  url = {http://www.albertodeluigi.com/index/bitcoin/transazione-bitcoin#panel-108-0-0-1},
  urldate = {2018}
}

@online{distSist:caratteristiche,
  author = {it.wikipedia.org},
  title = {Sistema Distribuito},
  url = {https://it.wikipedia.org/wiki/Sistema_distribuito#Caratteristiche},
  urldate = {2018}
}