@online{blockchain.com:valueOf,
  author = {Blockchain.com},
  title = {Chart value of Bitcoin},
  url = {https://www.blockchain.com/charts/market-price?timespan=all},
  urldate = {2018}
}

@online{blockchain.com:transactions,
  author = {Blockchain.com},
  title = {Chart bitcoin transactions},
  url = {https://www.blockchain.com/it/charts/n-transactions?timespan=all},
  urldate = {2018}
}

@online{wiki:bitcoind,
  author = {en.bitcoinwiki.org},
  title = {Bitcoind},
  url = {https://en.bitcoinwiki.org/wiki/Bitcoind},
  urldate = {2018}
}


@online{ZMQ-throughput,
  author = {zeromq.org},
  title = {How come Ã˜MQ has higher throughput than TCP although it's built on top of TCP?},
  url = {http://zeromq.org/area:faq#toc6},
  urldate = {2018}
}


@online{merkle-tree,
  author = {en.wikipedia.org},
  title = {Merkle Tree},
  url = {https://en.wikipedia.org/wiki/Merkle_tree},
  urldate = {2018}
}

@online{transazioneBitcoin,
  author = {www.albertodeluigi.com},
  title = {Come avviene una transazione bitcoin},
  url = {http://www.albertodeluigi.com/index/bitcoin/transazione-bitcoin#panel-108-0-0-1},
  urldate = {2018}
}

@online{wiki:pageRank,
  author = {it.wikipedia.org},
  title = {PageRank},
  url = {https://it.wikipedia.org/wiki/PageRank},
  urldate = {2018}
}
 
@online{pageRank:google,
  author = {www.google.com},
  title = {Google Press Center: Fun Facts},
  url = {https://web.archive.org/web/20090424093934/http://www.google.com/press/funfacts.html},
  urldate = {2018}
}

@online{neo4j:NoSQL,
  author = {www.nosql-database.org},
  title = {NoSQL Database},
  url = {http://www.nosql-database.org/},
  urldate = {2018}
}


@online{kafka:microsoft,
  title={Introduzione ad Apache Kafka.},
  author={Microsoft},
  url={http://docs.microsoft.com/it-it/azure/hdinsight/kafka/apache-kafka-introduction}
}

@online{spark:job,
  title={Cluster mode overview},
  author={spark.apache.org},
  url={https://spark.apache.org/docs/latest/cluster-overview.html}
}
@online{git:wiki,
  title={GitHub},
  author={github.com},
  url={https://github.com/}
}

@online{bitcoinj:home,
  title={Bitcoinj},
  author={bitcoinj.github.io},
  url={https://bitcoinj.github.io/}
}